@misc{sasHelpCenter,
  author = {SAS Institute},
  title = {Programming Documentation for SAS 9.4 and SAS Viya 3.5},
  year = {2021},
  note = {Last accessed April 21, 2024},
  url = {https://documentation.sas.com/doc/en/pgmsascdc/9.4_3.5/pgmsashome/home.htm}
}

@article{amin2018geographic,
  title={Geographic Clusters of Alzheimerâ€™s Disease Mortality Rates in the USA: 2008-2012},
  author={Amin, R. W. and Yacko, E. M. and Guttmann, R. P.},
  journal={J Prev Alzheimers Dis},
  volume={5},
  pages={231--235},
  year={2018},
  doi={10.14283/jpad.2018.36},
  url={https://doi.org/10.14283/jpad.2018.36}
}

@book{Ott_Longnecker_2016, place={Boston, MA}, title={An Introduction to Statistical Methods \& Data Analysis}, publisher={Cengage Learning}, author={Ott, Lyman and Longnecker, Michael}, year={2016}} 